@article{marino2002ocho,
  title={Ocho inquietudes en torno al constructivismo},
  author={Mari{\~n}o, Germ{\'a}n},
  journal={Educere},
  volume={6},
  number={17},
  pages={77--79},
  year={2002},
  publisher={Universidad de los Andes}
}

@article{fumero2001arte,
  title={El arte de educar desde el constructivismo},
  author={Fumero, Francisca},
  journal={Educere},
  volume={5},
  number={13},
  pages={86},
  year={2001},
  publisher={Universidad de los Andes}
}

@book{gordon2003teacher,
  title={Teacher Effectiveness Training: The Program Proven to Help Teachers Bring Out the Best in Students of All Ages},
  author={Gordon, T. and Burch, N.},
  isbn={9780609809327},
  lccn={2003005694},
  series={Education/Teaching methods / Three Rivers Press},
  url={https://books.google.com.mx/books?id=XXA0N8scL8IC},
  year={2003},
  publisher={Three Rivers Press}
}

@book{gordon2008parent,
  title={Parent Effectiveness Training: The Proven Program for Raising Responsible Children},
  author={Gordon, T.},
  isbn={9780307453167},
  url={https://books.google.com.mx/books?id=\_kNI1VWIGIkC},
  year={2008},
  publisher={Potter/Ten Speed/Harmony/Rodale}
}

@book{morales1973educar,
  title={Educar: comprendiendo al ni{\~n}o},
  author={Morales, E.M.},
  isbn={9789682402807},
  url={https://books.google.com.mx/books?id=z4QsAAAACAAJ},
  year={1973},
  publisher={Trillas}
}
