@article{valencia2009pedagogia,
  title={La pedagog{\'\i}a cr{\'\i}tica: Reflexiones entorno a sus pr{\'a}cticas y desaf{\'\i}os},
  author={Valencia, Piedad Ortega},
  journal={Pedagog{\'\i}a y saberes},
  number={31},
  pages={26--33},
  year={2009}
}
