@article{gutierrez1989psicologia,
  title={Psicolog{\'\i}a y aprendizaje de las ciencias. El modelo de Gagn{\'e}},
  author={Gutierr{\'e}z, R d},
  journal={Ense{\~n}anza de las Ciencias},
  volume={7},
  number={2},
  pages={147--157},
  year={1989}
}
