@inproceedings{inproceedings,
author = {Gaspar, Juliano and Catumbela, Emanuel and Marques, Bernardo and Freitas, Alberto},
year = {2011},
month = {01},
pages = {575-582},
title = {A Systematic Review of Outliers Detection Techniques in Medical Data - Preliminary Study.},
journal = {HEALTHINF 2011 - Proceedings of the International Conference on Health Informatics}
}
